@book{吴大任1979微分几何讲义,
  title={微分几何讲义},
  author={吴大任},
  publisher={微分几何讲义},
  year={1979},
}

@online{DaishujiheGeometrieAlgebrique,
  title = {代数几何( Géométrie Algébrique )的发展状况——复几何与算术几何的进展},
  url = {https://zhuanlan.zhihu.com/p/612374975},
  urldate = {2023-05-05},
  abstract = {原文的题目是代数几何( Géométrie Algébrique ) , 在保留原文框架的基础上 , 我们在转载过程中有些地方小编进行了小改动 , 如果您对代数几何的全貌有了解的话是不会影响本文的阅读的 . 零、引言代数几何的发展…},
  langid = {chinese},
  organization = {{知乎专栏}},
  file = {C\:\\Users\\Administrator\\Zotero\\storage\\FUCH5PPD\\612374975.html}
}

@online{Fujihechubujiqiwuliyingyong,
  title = {复几何初步及其物理应用},
  url = {https://zhuanlan.zhihu.com/p/101580721},
  urldate = {2023-05-05},
  abstract = {去年暑假参加了数学系同学举办的有关数学物理的研讨班，初步了解了有关数学物理一些知识，特地将部分笔记整理如下，供大家参考。有不对的地方烦请大家指正。 当我们的视野实变函数转移到复变函数上的时候，我们往…},
  langid = {chinese},
  organization = {{知乎专栏}},
  file = {C\:\\Users\\Administrator\\Zotero\\storage\\FIQIUVL6\\101580721.html}
}


